@misc{kmalloc,
	author = "Mike",
	year = 2012,
	howpublished = "Stack Overflow",
	title = "KMALLOC size allocation",
	url = {https://stackoverflow.com/questions/12568379/kmalloc-size-allocation?fbclid=IwAR1QXv8vtqbtHleLXhgQdwAfSUZgQ8RhoKJuqfOT1Tkg5CbgqWnY_N8k14M},
	note = {Accessed 2019-10-06},
}
@misc{kmallocvsvmalloc,
	author = "Aliaksei Ramanau and Yogeesh, H.T",
	year = 2017,
	howpublished = "Stack Overflow",
	title = "What is the difference between vmalloc and kmalloc?",
	url = {https://stackoverflow.com/questions/116343/what-is-the-difference-between-vmalloc-and-kmalloc?fbclid=IwAR16xnfAl1nFXua_0xKJeKPF885j0tzpfngXanSjavOQ6eZZvUzKjaHGyE8},
	note = {Accessed 2019-10-06},
}
@misc{highmem,
	author = "Josh Kelley and wag",
	year = 2015,
	howpublished = "Stack Exchange",
	title = "What are high memory and low memory on Linux?",
	url = {https://unix.stackexchange.com/questions/4929/what-are-high-memory-and-low-memory-on-linux},
	note = {Accessed 2019-10-06},
}