@misc{Thrashing,
	howpublished = "Wikipedia",
	title = "Thrashing (computer science)",
	year = 2019,
	url = "https://en.wikipedia.org/wiki/Thrashing_(computer_science)#Causes.",
	note = "Accessed 2019-11-22",
	}
@misc{Thundering_herd_problem,
	howpublished = "Wikipedia",
	title = "Thundering herd problem",
	year = 2019,
	url = "https://en.wikipedia.org/wiki/Thundering_herd_problem#:~:targetText=In%20computer%20science%2C%20the%20thundering,but%20only%20one%20will%20win.",
	note = "Accessed 2019-11-22",
	}
@misc{Borealid,
	author = "Borealid",
	year = 2010,
	howpublished = "Stack Overflow",
	title = "What's harder, synchronizing 2 threads or 1000 threads?",
	url = "https://stackoverflow.com/questions/3362553/whats-harder-synchronizing-2-threads-or-1000-threads#:~:targetText=You%20could%20make%20the%20case,not%20so%20with%20only%202.&targetText=The%20real%20answer%20is%20%22synchronizing,in%20various%20ways%2C%20period.%22",
	note = "Accessed 2019-11-22",
	}
@book{Silberschatz,
	title = "Operating Systems Concepts",
	author = "{{Abraham Silberschatz}}",
	year = 2012,
	publisher = "Wiley",
	}		
@misc{Lecture5,
	author = "{{Limjoco, Jethro}}",
	Institution = "University of the Philippines, EEEI",
	Howpublished = "{{CoE135 Lecture}}",
	Year = 2019,
	Title = "{{MEMORY MANAGEMENT PART I}}",
	}
@misc{Lecture7,
	author = "{Jethro Limjoco}",
	Institution = "University of the Philippines, EEEI",
	Howpublished = "{{CoE135 Lecture}}",
	Year = 2019,
	Title = "{{PROCESS MANAGEMENT AND INTERPROCESS COMMUNICATION}}",
	}