@misc{1,
	author = {{Exploit.PH}},
	title = {{System Call Hooking}},
	year = 2016,
	url = {https://exploit.ph/linux-kernel-hacking/2014/07/10/system-call-hooking/#disqus_thread},
	note = {Accessed 2019-12-07},
	}
@misc{2,
	author = "Joseph Kong",
	title = {{Designing BSD Rootkits: An Introduction to Kernel Hacking}},
	year = 2007,
	publisher = "O'Reilly",
	}
@misc{3,
	author = {{Tyler Nichols}},
	year = 2015,
	title = {{Hooking the Linux System Call Table}},
	url = {https://tnichols.org/2015/10/19/Hooking-the-Linux-System-Call-Table/},
	note = {Accessed 2019-12-07},
	}
@misc{4,
	howpublished = {{Stack Overflow}},
	year = 2010,
	title = "Linux Kernel: System call hooking example",
	url = {https://stackoverflow.com/questions/2103315/linux-kernel-system-call-hooking-example},
	note = {Accessed 2019-12-07},
	}
@misc{5,
	author = {{Arvind Raj}},
	year = 2012,
	title = {{Adding hello world system call to Linux}},
	url = {https://arvindsraj.wordpress.com/2012/10/05/adding-hello-world-system-call-to-linux/},
	note = {Accessed 2019-12-07},
	}
@misc{6,
	author = "Anubhav Shrimal",
	year = 2018,
	title = {{Adding a Hello World System Call to Linux Kernel}},
	url = {https://medium.com/anubhav-shrimal/adding-a-hello-world-system-call-to-linux-kernel-dad32875872},
	note = {Accessed 2019-12-07},
	}
@misc{7,
	author = {{Lucian Constantin}},
	year = 2016,
	title = {{Attack campaign uses keylogger to hijack key business email accounts}},
	url = {https://www.pcworld.com/article/3045539/attack-campaign-uses-keylogger-to-hijack-key-business-email-accounts.html},
	note = {Accessed 2019-12-07},
	}
@misc{8,
	author = {{Stu Sjouwerman}},
	year = 2015,
	title = {{Anthem Breach Began with Phishing of Employees}},
	url = {https://blog.knowbe4.com/anthem-breach-began-with-phishing-of-employees},
	note = {Accessed 2019-12-07},
	}
@misc{9,
	author = "jarun",
	howpublished = "Github",
	year = 2015,
	title = "Linux kernel mode debugfs keylogger ",
	url = {https://github.com/jarun/keysniffer},
	note = {Accessed 2019-12-07},
	}
@misc{10,
	author = "enaudon",
	howpublished = {{Github}},
	year = 2011,
	title = "keylogger",
	url = {https://github.com/enaudon/keylogger/blob/master/loggers/new_read/new_read.c},
	note = {Accessed 2019-12-07},
	}
@misc{11,
	year = 2018,
	howpublished = {{University of South Wales: Cyber University of the Year: 2019}},
	title = {{Basics of Making a Rootkit: From syscall to hook!}},
	url = {https://uwnthesis.wordpress.com/2016/12/26/basics-of-making-a-rootkit-from-syscall-to-hook/},
	note = {Accessed 2019-12-07},
	} 
@misc{12,
	year = 2011,
	title = {{Error when I try to compile the kernel 2.6.37}},
	url = {https://askubuntu.com/questions/22267/error-when-i-try-to-compile-the-kernel-2-6-37},
	note = {Accessed 2019-12-07},
	}
@misc{13,
	year = 2014,
	title = {{kernel configuration file has not found /boot directory }},
	url = {https://www.linuxquestions.org/questions/linux-software-2/kernel-configuration-file-has-not-found-boot-directory-4175502940/},
	note = {Accessed 2019-12-07},
	}
@misc{14,
	author = "Vanessa Leung",
	howpublished = "Codeburst dot IO",
	title = {{How to Call Google Drive API using curl command with C Programming?}},
	url = {https://codeburst.io/how-to-call-google-drive-api-using-curl-command-with-c-programming-4da30a4c02ea},
	note = {Accessed 2019-12-07},
	}
@misc{15,
	howpublished = {{Stack Overflow}},
	year = 2012,
	title = {{Looking for example using MediaFileUpload}},
	url = {https://stackoverflow.com/questions/11472401/looking-for-example-using-mediafileupload},
	note = {Accessed 2019-12-07},
	}
@misc{16,
	howpublished = {{Google Drive API}},
	title = {{G Suite and Drive MIME Types}},
	url = {https://developers.google.com/drive/api/v3/mime-types},
	note = {Accessed 2019-12-07},
	}
@misc{17,
	year = 2004,
	title = {{KLDPWiki: Writing Linux Kernel Keylogger}},
	url = {https://wiki.kldp.org/wiki.php/WritingLinuxKernelKeylogger},
	note = {Accessed 2019-12-07},
	}
@misc{18,
	author = "Sreehari",
	year = 2016,
	title = {{Implementing a system call in Linux Kernel 4.7.1}},
	url = {https://medium.com/@ssreehari/implementing-a-system-call-in-linux-kernel-4-7-1-6f98250a8c38},
	note = {Accessed 2019-12-07},
	}
@misc{19,
	howpublished = {{Stack Overflow}},
	year = 2009,
	title = "Read/write files within a Linux kernel module",
	url = {https://stackoverflow.com/questions/1184274/read-write-files-within-a-linux-kernel-module},
	note = {Accessed 2019-12-07},
	}
@misc{20,
	howpublished = {{Ask Ubuntu}},
	year = 2012,
	title = "How to hide terminal output when executing a command?",
	url = {https://askubuntu.com/questions/98377/how-to-hide-terminal-output-when-executing-a-command},
	note = {Accessed 2019-12-07},
	}
@misc{21,
	howpublished = {{Linux Questions}},
	year = 2005,
	title = "how do I extract the pid field from ps aux command",
	url = {https://www.linuxquestions.org/questions/linux-newbie-8/how-do-i-extract-the-pid-field-from-ps-aux-command-361150/},
	note = {Accessed 2019-12-07},
	}
@misc{22,
	howpublished = {{Stack Overflow}},
	year = 2012,
	title = "Local (?) variable referenced before assignment [duplicate]",
	url = {https://stackoverflow.com/questions/11904981/local-variable-referenced-before-assignment},
	note = {Accessed 2019-12-07},
	}
@misc{23,
	author = {{Enrico Perla and Massimiliano Oldani}},
	title = {{A Guide to Kernel Exploitation: Attacking the Core}},
	year = 2011
	}
@misc{25,
	author = {{David Liedle}},
	year = 2018,
	title = {{Upload Files With Python}},
	url = {https://dzone.com/articles/upload-files-with-python},
	note = {Accessed 2019-12-07},
	}
@misc{26,
	author = {{Keith Weaver}},
	year = 2017,
	title = {{Python File Upload to Server with 3 lines}},
	url = {https://medium.com/@Keithweaver_/python-file-upload-to-server-with-3-lines-96294a23d271},
	note = {Accessed 2019-12-07},
	}
@misc{27,
	author = {{Regis Kristian P. Casquejo, Phoebe Meira U. Chua, Patricia Dolores M. Soriano}},
	title = {{CoE 135 Project: System Calls Hijacking}},
	year = 2018,
	}
@misc{28,
	author = {{Seref S. Agiroglu, Gurol Canbek}},
	title = {{Keyloggers Increasing Threats to Computer Security and Privacy}},
	year = 2009,
}